@Book{eco:09,
 author   = {Umberto Eco},
 title    = {Como se Faz uma Tese},
 edition  = {22º},
 publisher= {Perspectiva},
 note     = {Tradução Gilson Cesar Cardoso de Souza},
 year     = {2009},
}

@Book{zobel:04,
 author   = {Justin Zobel},
 title    = {Writing for Computer Science: The art of effective communication},
 publisher= {Springer},
 edition  = {Segunda},
 year     = {2004},
}

@Book{waz:09,
 author   = {Raul S. Wazlawick},
 title    = {Metodologia de Pesquisa em Ciencia da Computação},
 publisher= {Campus},
 edition  = {Primeira},
 year     = {2009},
}

@Book{Higham:98,
 author   = {Nicholas J. Higham},
 title    = {Handbook of Writing for the Mathematical Sciences},
 edition  = {segunda},
 publisher= {SIAM: Society for Industrial and Applied Mathematics},
 month    = Aug,
 year     = {1998},
}

@book{Knuth:96,
 author   = {Donald E. Knuth and Tracy Larrabee and Paul M. Roberts},
 title    = {Mathematical Writing},
 publisher= {The Mathematical Association of America},
 month    = Sep,
 year     = {1996}
}

@InProceedings{alves03:simi,
 author   = {Carlos E. R. Alves and Edson N. Cáceres and Frank Dehne and Siang W. Song},
 title    = {A Parallel Wavefront Algorithm for Efficient Biological Sequence Comparison},
 booktitle= {ICCSA '03: The 2003 International Conference on Computational Science and its Applications},
 year     = {2003},
 pages    = {249-258},
 month    = May,
 publisher= {Springer-Verlag}
}

@Article{MenaChalco08,
 author   = {Jesús P. Mena-Chalco and Helaine Carrer and Yossi Zana and Roberto M. Cesar-Jr.},
 title    = {Identification of protein coding regions using the modified {G}abor-wavelet transform},
 journal  = {IEEE/ACM Transactions on Computational Biology and Bioinformatics},
 volume   = {5},
 pages    = {198-207},
 year     = {2008},
}

@Techreport{alvisi99:analysisCIC,
 author   = {Lorenzo Alvisi and Elmootazbellah Elnozahy and Sriram S. Rao and Syed A. Husain and Asanka Del Mel},
 title    = {An Analysis of Comunication-Induced Checkpointing},
 institution= {Department of Computer Science, University of Texas at Austin},
 year     = {1999},
 number   = {TR-99-01},
 address  = {Austin, {USA}}
}

@Misc{gridftp,
 author   = {William Allcock},
 title    = {{GridFTP} protocol specification. {Global Grid Forum} Recommendation ({GFD}.20)},
 year     = {2003}
}

@Book{JW82,
 author   = {Richard A. Johnson and Dean W. Wichern},
 title    = {Applied Multivariate Statistical Analysis},
 publisher= {Prentice-Hall},
 year     = {1983}
}

@Manual{CORBA:spec,
 title    = {{CORBA v3.0 Specification}},
 author   = {{Object Management Group}},
 month    = Jul,
 year     = {2002},
 note     = {{OMG Document 02-06-33}}
}

@PhdThesis{garcia01:PhD,
 author   = {Islene C. Garcia},
 title    = {Visões Progressivas de Computações Distribuídas},
 school   = {Instituto de Computação, Universidade de Campinas, Brasil},
 year     = {2001},
 month    = {Dezembro}
}

@Conference{bronevetsky02,
 author   = {Greg Bronevetsky and Daniel Marques and Keshav Pingali and Paul Stodghill},
 title    = {Automated application-level checkpointing of {MPI} programs},
 booktitle= {PPoPP '03: Proceedings of the 9th ACM SIGPLAN Symposium on Principles and Practice of Parallel Programming},
 year     = {2003},
 pages    = {84-89}
}

@InCollection{bobaoglu93:concepts,
 author   = {Ozalp Babaoglu and Keith Marzullo},
 title    = {Consistent Global States of Distributed Systems: Fundamental Concepts and Mechanisms},
 editor   = {Sape Mullender},
 booktitle= {Distributed Systems},
 edition  = {segunda},
 year     = {1993},
 pages    = {55-96}
}

@MastersThesis{schmidt03:MSc,
 author   = {Rodrigo M. Schmidt},
 title    = {Coleta de Lixo para Protocolos de \emph{Checkpointing}},
 school   = {Instituto de Computação, Universidade de Campinas, Brasil},
 year     = {2003},
 month    = Oct
}

@Misc{fowler04:designDead,
 author   = {Martin Fowler},
 title    = {Is Design Dead?},
 year     = {2004},
 month    = May,
 note     = {Último acesso em 30/1/2010},
 howpublished= {\url{http://martinfowler.com/articles/designDead.html}},
}

@Misc{FSF:GNU-GPL,
 author   = {Free Software Foundation},
 title    = {{GNU} general public license},
 note     = {Último acesso em 30/1/2010},
 howpublished= {\url{http://www.gnu.org/copyleft/gpl.html}},
}

@article{alon09:how,
 author   = {Uri Alon},
 title    = {{How To Choose a Good Scientific Problem}},
 journal  = {Molecular Cell},
 year     = {2009},
 volume   = {35},
 number   = {6},
 pages    = {726--728},
 publisher= {Cell Press},
 month    = sep,
 doi      = {10.1016/j.molcel.2009.09.013},
}

@book{tufte01:visualDisplay,
 author   = {Edward Tufte},
 title    = {The Visual Display of Quantitative Information},
 year     = {2001},
 edition  = {2nd},
 publisher= {Graphics Pr},
 month    = may,
}


@INPROCEEDINGS{MohammadAlHasan,
    author = {Mohammad Al Hasan and Vineet Chaoji and Saeed Salem and Mohammed Zaki},
    title = {Link prediction using supervised learning},
    booktitle = {In Proc. of SDM 06 workshop on Link Analysis, Counterterrorism and Security},
    year = {2006}
}

@masterthesis{Cervantes2014,
    author = {Cervantes, Everlyn Perez},
    pages = {71},
    title = {{An{\'{a}}lise de Redes de Colabra{\c{c}}{\~{a}}o Cient{\'{\i}}fica: Uma Abordagem Baseada em Grafos Relacionais com Atributos}},
    year = {2014}
}

@misc{Kay2014,
    title= {The Future Doesn't Have to Be Incremental},
    author = {Alan Kay},
    year = {2014},
    note= {DEMO Enterprise 2014},
    url= {https://www.youtube.com/watch?v=gTAghAJcO1o}
}

@article{Halevy2009,
 author = {Halevy, Alon and Norvig, Peter and Pereira, Fernando},
 title = {The Unreasonable Effectiveness of Data},
 journal = {IEEE Intelligent Systems},
 issue_date = {March 2009},
 volume = {24},
 number = {2},
 month = mar,
 year = {2009},
 issn = {1541-1672},
 pages = {8--12},
 numpages = {5},
 url = {http://dx.doi.org/10.1109/MIS.2009.36},
 doi = {10.1109/MIS.2009.36},
 acmid = {1525689},
 publisher = {IEEE Educational Activities Department},
 address = {Piscataway, NJ, USA},
 keywords = {Semantic Web, machine learning, machine learning, very large data bases, Semantic Web, very large data bases},
}

@article{Mena-Chalco2009,
    year={2009},
    issn={0104-6500},
    journal={Journal of the Brazilian Computer Society},
    volume={15},
    number={4},
    doi={10.1007/BF03194511},
    title={scriptLattes: an open-source knowledge extraction system from the Lattes platform},
    url={http://dx.doi.org/10.1007/BF03194511},
    publisher={Springer-Verlag},
    keywords={academic production report; Lattes platform; knowledge discovery},
    author={Mena-Chalco, Jesús Pascual and Junior, Roberto Marcondes Cesar},
    pages={31-39},
    language={English}
}


@book{Raedt2008,
    author = {Raedt, Luc De},
    isbn = {3540688560},
    pages = {387},
    publisher = {Springer Science {\&} Business Media},
    title = {{Logical and Relational Learning}},
    url = {https://books.google.com/books?id=FFYIOXvwq7MC{\&}pgis=1},
    year = {2008}
}

@article{DeRaedt2003,
    author = {{De Raedt}, Luc and Kersting, Kristian},
    doi = {10.1145/959242.959247},
    issn = {19310145},
    journal = {ACM SIGKDD Explorations Newsletter},
    keywords = {data mining,inductive logic programming,machine learning,multi-relational data mining,probabilistic reasoning,uncertainty},
    month = {jul},
    number = {1},
    pages = {31},
    publisher = {ACM},
    title = {{Probabilistic logic learning}},
    url = {http://dl.acm.org/citation.cfm?id=959242.959247},
    volume = {5},
    year = {2003}
}

@inproceedings{LibenNowell2003,
     author = {Liben-Nowell, David and Kleinberg, Jon},
     title = {The Link Prediction Problem for Social Networks},
     booktitle = {Proceedings of the Twelfth International Conference on Information and Knowledge Management},
     series = {CIKM '03},
     year = {2003},
     isbn = {1-58113-723-0},
     location = {New Orleans, LA, USA},
     pages = {556--559},
     numpages = {4},
     url = {http://doi.acm.org/10.1145/956863.956972},
     doi = {10.1145/956863.956972},
     acmid = {956972},
     publisher = {ACM},
     address = {New York, NY, USA},
     keywords = {link analysis, link prediction, social networks},
}

@misc{Anaue2009,
    author = {Anau{\^{e}}, Costa and Yamate, Fabio},
    annote = {Semantic Lattes: uma ferramenta de consulta de informa{\c{c}}{\~{o}}es acad{\^{e}}micas da base Lattes baseada em ontologias},
    keywords = {Anau{\^{e}},Costa;Fabio,Yamate},
    pages = {98},
    title = {{Semantic Lattes: uma ferramenta de consulta de informa{\c{c}}{\~{o}}es acad{\^{e}}micas da base Lattes baseada em ontologias}},
    url = {http://www.pcs.usp.br/{~}pcspf/2009/Trabalhos/Cooperativo/G4/monografia.pdf},
    urldate = {2015-11-18},
    year = {2009}
}

@book{Raedt2008,
    address = {Berlin, Heidelberg},
    author = {Raedt, Luc De}
    doi = {10.1007/978-3-540-68856-3},
    editor = {Raedt, Luc De},
    isbn = {978-3-540-20040-6},
    issn = {1611-2482},
    keywords = {Luc De,Raedt},
    mendeley-groups = {Mestrado/Ontology},
    publisher = {Springer Berlin Heidelberg},
    series = {Cognitive Technologies},
    title = {{Logical and Relational Learning}},
    url = {http://www.springer.com/us/book/9783540200406 http://link.springer.com/10.1007/978-3-540-68856-3},
    year = {2008}
}


@article{Galego2013,
    abstract = {The Lattes Platform is an excellent database of researchers for the Brazilian society , adopted by most Brazilian funding agencies, universities and research institutes. However, it is limited as to displaying summarized data from a group of people, such as a research department or students supervised by one or more professor. Several projects have already been developed which propose solutions to this problem, including some developing ontologies from the research domain. This work aims to integrate all the functionality of these tools in a single solution, SOS Lattes. The results obtained in the development of this solution are presented as well as the use of ontologies to help identifying inconsistencies in the data, queries for building consolidated reports and rules of inference for correlating multiple databases. Also, this work intends to contribute to the expansion and dissemination of the Semantic Web, by creating a tool that can extract data fromWeb pages and provide their semantic structure. The knowledge gained during the study may be useful for the development of new tools operating in different environments.},
    author = {Galego, Eduardo Ferreira},
    file = {:C$\backslash$:/Users/Thiago/AppData/Local/Mendeley Ltd./Mendeley Desktop/Downloaded/Galego - 2013 - Extra{\c{c}}{\~{a}}o e Consulta de Informa{\c{c}}{\~{o}}es do Curr{\'{\i}}culo Lattes baseada em Ontologias Eduardo Ferreira Galego Disserta{\c{c}}{\~{a}}o apresen.pdf:pdf},
    keywords = {Inference,Lattes CV,Lattes Plataform,OWL,Ontologies,SPARQL,Semantic Web},
    mendeley-groups = {Mestrado/Ontology,Mestrado},
    pages = {70},
    title = {{Extra{\c{c}}{\~{a}}o e Consulta de Informa{\c{c}}{\~{o}}es do Curr{\'{\i}}culo Lattes baseada em Ontologias Eduardo Ferreira Galego Disserta{\c{c}}{\~{a}}o apresentada ao Instituto de Matem{\'{a}}tica e Estat{\'{\i}}stica da Universidade de S{\~{a}}o Paulo para obten{\c{c}}{\~{a}}o do t{\'{\i}}tulo de Mestre em Ci{\^{e}}ncias da Computa{\c{c}}{\~{a}}o}},
    year = {2013}
}

@book{DeRaedt2008,
    address = {Berlin, Heidelberg},
    doi = {10.1007/978-3-540-78652-8},
    editor = {{De Raedt}, Luc and Frasconi, Paolo and Kersting, Kristian and Muggleton, Stephen},
    isbn = {978-3-540-78651-1},
    pages = {341},
    publisher = {Springer Berlin Heidelberg},
    series = {Lecture Notes in Computer Science},
    title = {{Probabilistic Inductive Logic Programming}},
    volume = {4911},
    year = {2008}
}

@book{Getoor2007,
    editor = {Getoor, Lise and Taskar, Ben},
    isbn = {978-0262072885},
    pages = {608},
    publisher = {The MIT Press},
    title = {{Introduction to Statistical Relational Learning}},
    year = {2007}
}

@INPROCEEDINGS{Popescul2003,
    author = {Alexandrin Popescul, Rin Popescul and Lyle H. Ungar},
    title = {Statistical relational learning for link prediction},
    booktitle = {In Proceedings of the Workshop on Learning Statistical Models from Relational Data at IJCAI-2003},
    year = {2003}
}


@incollection{Popescul2007,
  author      = {Popescul, Alexandrin and Ungar, Lyle H.},
  title       = {Feature Generation and Selection in Multi-Relational Statistical Learning},
  editor      = {Getoor, Lise and Taskar, Ben},
  booktitle   = {Introduction to Statistical Relational Learning},
  publisher   = {The MIT Press},
  year        = {2007},
  pages       = "453-475",
  chapter     = {16}
}

@article{Kihong2015,
    author = {Kim Kihong},
    title = {Some thoughts on authorship},
    journal = {se},
    volume = {2},
    number = {2},
    pages = {53-54},
    year = {2015},
    doi = {10.6087/kcse.43},

    URL = {http://www.e-sciencecentral.org/articles/?scid=SC000011412},
    eprint = {http://www.e-sciencecentral.org/articles/?scid=SC000011412}
}

@article{Castelvecchi2015,
  doi = {10.1038/nature.2015.17567},
  url = {http://dx.doi.org/10.1038/nature.2015.17567},
  year  = {2015},
  month = {may},
  publisher = {Nature Publishing Group},
  author = {Davide Castelvecchi},
  title = {Physics paper sets record with more than 5, 000 authors},
  journal = {Nature}
}

@article{PhysRevLett.114.191803,
  title = {Combined Measurement of the Higgs Boson Mass in $pp$ Collisions at $\sqrt{s}=7$ and 8 TeV with the ATLAS and CMS Experiments},
  author = {Aad, G. et al.},
  collaboration = {ATLAS Collaboration and CMS Collaboration},
  journal = {Phys. Rev. Lett.},
  volume = {114},
  issue = {19},
  pages = {191803},
  numpages = {33},
  year = {2015},
  month = {May},
  publisher = {American Physical Society},
  doi = {10.1103/PhysRevLett.114.191803},
  url = {http://link.aps.org/doi/10.1103/PhysRevLett.114.191803}
}
